/home/davidponar/workspace/template/tex/general-tex/sample.bib